<?xml version="1.0" encoding="UTF-8"?><record xmlns="http://www.loc.gov/MARC21/slim" xmlns:cinclude="http://apache.org/cocoon/include/1.0" xmlns:zs="http://www.loc.gov/zing/srw/">
  <leader>01019cz  a2200205n  4500</leader>
  <controlfield tag="001">n  81111305 </controlfield>
  <controlfield tag="003">DLC</controlfield>
  <controlfield tag="005">20130308080400.0</controlfield>
  <controlfield tag="008">811006n| acannaabn          |a aaa      </controlfield>
  <datafield tag="010" ind1=" " ind2=" ">
    <subfield code="a">n  81111305 </subfield>
  </datafield>
  <datafield tag="035" ind1=" " ind2=" ">
    <subfield code="a">(OCoLC)oca00656345</subfield>
  </datafield>
  <datafield tag="040" ind1=" " ind2=" ">
    <subfield code="a">DLC</subfield>
    <subfield code="b">eng</subfield>
    <subfield code="c">DLC</subfield>
    <subfield code="d">DLC</subfield>
    <subfield code="d">OCoLC</subfield>
    <subfield code="d">DLC</subfield>
  </datafield>
  <datafield tag="046" ind1=" " ind2=" ">
    <subfield code="f">[1005,1006]</subfield>
    <subfield code="g">1066</subfield>
    <subfield code="2">edtf</subfield>
  </datafield>
  <datafield tag="100" ind1="0" ind2=" ">
    <subfield code="a">Hugues,</subfield>
    <subfield code="c">de Salins, Archbishop of Besançon,</subfield>
    <subfield code="d">1005 or 1006-1066</subfield>
  </datafield>
  <datafield tag="400" ind1="0" ind2=" ">
    <subfield code="a">Hugh,</subfield>
    <subfield code="c">of Salins, Archbishop of Besançon,</subfield>
    <subfield code="d">1005 or 1006-1066</subfield>
  </datafield>
  <datafield tag="400" ind1="0" ind2=" ">
    <subfield code="w">nnea</subfield>
    <subfield code="a">Hugues,</subfield>
    <subfield code="c">de Salins, Archbishop of Besançon,</subfield>
    <subfield code="d">1005 or 6-1066</subfield>
  </datafield>
  <datafield tag="400" ind1="1" ind2=" ">
    <subfield code="a">Salins, Hugues de,</subfield>
    <subfield code="d">1005 or 1006-1066</subfield>
  </datafield>
  <datafield tag="667" ind1=" " ind2=" ">
    <subfield code="a">THIS 1XX FIELD CANNOT BE USED UNDER RDA UNTIL THIS RECORD HAS BEEN REVIEWED AND/OR UPDATED</subfield>
  </datafield>
  <datafield tag="670" ind1=" " ind2=" ">
    <subfield code="a">Vregille, B. de. Hugues de Salins, archevêque de Besançon, 1031-1066, 1981 (subj.)</subfield>
    <subfield code="b">t.p. (Hugues de Salins, archevêque de Besançon, 1031-1066) p. 20 (b. 1005 or 1006) p. 253 (d. 7/27/1066)</subfield>
  </datafield>
  <datafield tag="670" ind1=" " ind2=" ">
    <subfield code="a">New Cath. encyc.:</subfield>
    <subfield code="b">v. 2, p. 363 (Besançon: Hugh of Salins, bishop 1031-1067 [sic])</subfield>
  </datafield>
</record>